% 16199517 
@Article{pmid16199517,
   Author="Subramanian, A.  and Tamayo, P.  and Mootha, V. K.  and Mukherjee, S.  and Ebert, B. L.  and Gillette, M. A.  and Paulovich, A.  and Pomeroy, S. L.  and Golub, T. R.  and Lander, E. S.  and Mesirov, J. P. ",
   Title="{{G}ene set enrichment analysis: a knowledge-based approach for interpreting genome-wide expression profiles}",
   Journal="Proc. Natl. Acad. Sci. U.S.A.",
   Year="2005",
   Volume="102",
   Number="43",
   Pages="15545--15550",
   Month="Oct"
}

% 20172960 
@Article{pmid20172960,
   Author="Bauer, S.  and Gagneur, J.  and Robinson, P. N. ",
   Title="{{G}{O}ing {B}ayesian: model-based gene set analysis of genome-scale data}",
   Journal="Nucleic Acids Res.",
   Year="2010",
   Volume="38",
   Number="11",
   Pages="3523--3532",
   Month="Jun"
}

% 21561920 
@Article{pmid21561920,
   Author="Bauer, S.  and Robinson, P. N.  and Gagneur, J. ",
   Title="{{M}odel-based gene set analysis for {B}ioconductor}",
   Journal="Bioinformatics",
   Year="2011",
   Volume="27",
   Number="13",
   Pages="1882--1883",
   Month="Jul"
}

% 15297299 
@Article{pmid15297299,
   Author="Boyle, E. I.  and Weng, S.  and Gollub, J.  and Jin, H.  and Botstein, D.  and Cherry, J. M.  and Sherlock, G. ",
   Title="{{G}{O}::{T}erm{F}inder--open source software for accessing {G}ene {O}ntology information and finding significantly enriched {G}ene {O}ntology terms associated with a list of genes}",
   Journal="Bioinformatics",
   Year="2004",
   Volume="20",
   Number="18",
   Pages="3710--3715",
   Month="Dec"
}

% 18676451 
@Article{pmid18676451,
   Author="Lu, Y.  and Rosenfeld, R.  and Simon, I.  and Nau, G. J.  and Bar-Joseph, Z. ",
   Title="{{A} probabilistic generative model for {G}{O} enrichment analysis}",
   Journal="Nucleic Acids Res.",
   Year="2008",
   Volume="36",
   Number="17",
   Pages="e109",
   Month="Oct"
}

% 20436461 
@Article{pmid20436461,
   Author="McLean, C. Y.  and Bristor, D.  and Hiller, M.  and Clarke, S. L.  and Schaar, B. T.  and Lowe, C. B.  and Wenger, A. M.  and Bejerano, G. ",
   Title="{{G}{R}{E}{A}{T} improves functional interpretation of cis-regulatory regions}",
   Journal="Nat. Biotechnol.",
   Year="2010",
   Volume="28",
   Number="5",
   Pages="495--501",
   Month="May"
}
